<?xml version="1.0" encoding="UTF-8"?><collection xmlns="http://www.loc.gov/MARC21/slim"><record><leader>00448nam--2200157-i-4500</leader><controlfield tag="001">000010251</controlfield><controlfield tag="002">20161230</controlfield><controlfield tag="005">20170304150636</controlfield><controlfield tag="008">060222s1000------------r-----000-0-eng-d</controlfield><datafield ind1=" " ind2=" " tag="100"><subfield code="a">Camenzind, Hans R</subfield></datafield><datafield ind1=" " ind2=" " tag="245"><subfield code="a">Circuit design for integrated elecronics</subfield></datafield><datafield ind1=" " ind2=" " tag="260"><subfield code="a">Reading/Mass</subfield><subfield code="b">Addison-wesley Publ.Co</subfield><subfield code="c">1968</subfield></datafield><datafield ind1=" " ind2=" " tag="300"><subfield code="a">266 p</subfield></datafield><datafield ind1=" " ind2=" " tag="490"><subfield code="a">Addison-wesley Series In Electrical Engineerin G</subfield></datafield><datafield ind1=" " ind2=" " tag="852"><subfield code="a">621.382</subfield></datafield><datafield ind1=" " ind2=" " tag="CAT"><subfield code="a">SYS</subfield><subfield code="c">20170304</subfield><subfield code="h">150636</subfield></datafield></record></collection>